<?xml version="1.0" encoding="UTF-8"?><collection xmlns="http://www.loc.gov/MARC21/slim"><record><leader>00570nam--2200169-i-4500</leader><controlfield tag="001">000022452</controlfield><controlfield tag="002">20161230</controlfield><controlfield tag="005">20161230201034</controlfield><controlfield tag="008">060222s1000------------r-----000-0-eng-d</controlfield><datafield ind1=" " ind2=" " tag="040"><subfield code="a">IFIN-HH</subfield></datafield><datafield ind1=" " ind2=" " tag="080"><subfield code="a">533.725</subfield></datafield><datafield ind1="1" ind2=" " tag="100"><subfield code="a">Wexler, Arnold</subfield></datafield><datafield ind1="1" ind2="0" tag="245"><subfield code="a">Humidity and moixture. measurement and control in science and industry</subfield><subfield code="b">Volume Four. Principles and Methods of Measuring Moisture in Liquids and Solids</subfield><subfield code="c">Arnold Wexler (Editor-in-Chief)</subfield></datafield><datafield ind1=" " ind2=" " tag="260"><subfield code="a">New York, Reinhold Publ.Corp., 1965</subfield></datafield><datafield ind1=" " ind2=" " tag="300"><subfield code="a">333 p</subfield></datafield><datafield ind1=" " ind2=" " tag="852"><subfield code="a">21766</subfield><subfield code="c">531.7</subfield></datafield><datafield ind1=" " ind2=" " tag="CAT"><subfield code="a">Sys</subfield><subfield code="c">20100709</subfield><subfield code="h">114847</subfield></datafield></record></collection>